@misc{keplinger2024,
  author = {Franz Keplinger},
  title = {Sensorik und {Sensorsysteme}: Physical Vapour Deposition},
  year = {2024},
  howpublished = {Lecture Notes, Vienna University of Technology, Institut f{\"u}r Sensor und Aktuatorsysteme},
  note = {Skriptum: Nr. 2}
}

@book{kittel2004,
  author = {Charles Kittel},
  title = {Introduction to Solid State Physics},
  edition = {8th},
  publisher = {Wiley},
  year = {2004}
}

@book{ohring2002,
  author = {M. Ohring},
  title = {Materials Science of Thin Films: Deposition and Structure},
  edition = {2nd},
  publisher = {Academic Press},
  year = {2002}
}

@book{sze2006,
  author = {S. M. Sze and Kwok K. Ng},
  title = {Physics of Semiconductor Devices},
  edition = {3rd},
  publisher = {Wiley},
  year = {2006}
}

@book{smith1995,
  author = {D. L. Smith},
  title = {Thin-Film Deposition: Principles and Practice},
  publisher = {McGraw-Hill},
  year = {1995}
}

@book{mattox2010handbook,
  title = {Handbook of Physical Vapor Deposition (PVD) Processing},
  author = {Mattox, Donald M.},
  year = {2010},
  publisher = {Elsevier},
  note = {Chapters on sputtering processes, including magnetron sputtering and Lorentz force effects}
}

@article{rossnagel2003magnetron,
  title = {Magnetron sputtering: Overview and process fundamentals},
  author = {Rossnagel, S. M.},
  journal = {Journal of Vacuum Science \& Technology A: Vacuum, Surfaces, and Films},
  volume = {21},
  number = {5},
  pages = {S74--S82},
  year = {2003}
}

@article{anders2010advances,
  title = {Advances in magnetron sputtering},
  author = {Anders, Andre},
  journal = {Journal of Applied Physics},
  volume = {106},
  number = {11},
  pages = {113301},
  year = {2010},
  note = {Discusses the role of magnetic fields and electron confinement in magnetron sputtering}
}

@article{kouznetsov1999new,
  title = {A new type of magnetron discharge},
  author = {Kouznetsov, Vladimir and Mac{\'a}k, K. and Schneider, J. M. and Helmersson, U. and Petrov, I.},
  journal = {Surface and Coatings Technology},
  volume = {122},
  number = {2-3},
  pages = {290--293},
  year = {1999},
  note = {Examines electron behavior under magnetic fields and the Lorentz force in magnetron systems}
}

@book{prechtl2005grundlagen,
  title = {Grundlagen der Elektrotechnik, Band 2},
  author = {Prechtl, Adalbert},
  year = {2005},
  publisher = {Springer Vieweg},
  edition = {5},
  address = {Wiesbaden},
  note = {Enth{\"a}lt ausf{\"u}hrliche Erkl{\"a}rungen zur Lorentzkraft und elektromagnetischen Feldern}
}

@article{anders2010reactive,
  author    = {Andre Anders},
  title     = {Reactive Sputtering: Understanding and Controlling the Sputtering Process},
  journal   = {Applied Physics Letters},
  volume    = {106},
  number    = {11},
  pages     = {113301},
  year      = {2010},
  note      = {Overview of reactive sputtering with focus on stoichiometry adjustment through reactive gas pressure.}
}

@book{atkins2010,
    author = {Atkins, P. and de Paula, J.},
    title = {Atkins' Physical Chemistry},
    edition = {9th},
    year = {2010},
    publisher = {Oxford University Press}
}

@book{boehler1994,
    author = {Boehler, R. E. and Campbell, I. E.},
    title = {Plasma Science and Technology},
    year = {1994},
    publisher = {Wiley-Blackwell}
}

@book{hutchings2018,
    author = {Hutchings, G. J. and Sautet, P.},
    title = {Introduction to Surface Chemistry and Catalysis},
    year = {2018},
    publisher = {Elsevier}
}

@book{feynman2011,
    author = {Feynman, R. P. and Leighton, R. B. and Sands, M.},
    title = {The Feynman Lectures on Physics},
    year = {2011},
    publisher = {Basic Books}
}

@article{journal_reference,
    author = {{Applied Surface Science} and {Journal of Vacuum Science and Technology}},
    title = {Various articles on plasma and sputtering},
    year = {n.d.},
    journal = {Applied Surface Science and Journal of Vacuum Science and Technology},
    note = {These journals contain specialized articles on the application of radicals in plasma coating and sputter processes.}
}

@article{harvard_mrsec,
  author = {Chen, E.},
  title = {DC Diode Sputtering Deposition},
  journal = {Harvard MRSEC},
  year = {2004},
  url = {https://www.mrsec.harvard.edu},
  note = {Accessed: 2024-10-29}
}

@article{frontiers_mpea,
  author = {Yue, T. and Wang, L. and Chou, J. et al.},
  title = {Directed Energy Deposition of Multi-Principal Element Alloys},
  journal = {Frontiers in Materials},
  volume = {7},
  pages = {1-18},
  year = {2020},
  url = {https://www.frontiersin.org},
  note = {Accessed: 2024-10-29}
}

@article{mdpi_vacuum_distillation,
  author = {Wang, Y. and Li, C. and Chen, J.},
  title = {The Effectiveness of Cooled-Finger and Vacuum Distillation Processes in View of the Removal of Fe, Si, and Zn from Aluminium},
  journal = {MDPI Metals},
  volume = {10},
  number = {5},
  pages = {1-13},
  year = {2021},
  url = {https://www.mdpi.com},
  note = {Accessed: 2024-10-29}
}

@article{thermopedia,
  author = {{Thermopedia}},
  title = {SUBLIMATION},
  journal = {Thermopedia},
  year = {2024},
  url = {https://www.thermopedia.com},
  note = {Accessed: 2024-10-29}
}

@article{thoughtco,
  author = {Jones, A. Z.},
  title = {Sublimation Process},
  journal = {ThoughtCo},
  year = {2023},
  url = {https://www.thoughtco.com/sublimation-2699011},
  note = {Accessed: 2024-10-29}
}

@book{opentextbc,
  author = {{BCcampus}},
  title = {Phase Transitions: Melting, Boiling, and Subliming – Introductory Chemistry – 1st Canadian Edition},
  publisher = {BC Open Textbooks},
  year = {2020},
  url = {https://opentextbc.ca},
  note = {Accessed: 2024-10-29}
}

@misc{keplinger2024CVD,
  author = {Franz Keplinger},
  title = {Sensorik und {Sensorsysteme}: Chemical Vapour Deposition},
  year = {2024},
  howpublished = {Lecture Notes, Vienna University of Technology, Institut f{\"u}r Sensor und Aktuatorsysteme},
  note = {Skriptum: Nr. 3}
}

@book{petrucci_general_chemistry,
  author = {Petrucci, Ralph H. and Herring, F. Geoffrey and Madura, Jeffrey D. and Bissonnette, Carey},
  title = {General Chemistry: Principles and Modern Applications},
  publisher = {Pearson Education},
  year = {2017},
  edition = {11th},
  note = {Chapter on Atomic Structure and Periodicity}
}

@book{chang_chemistry,
  author = {Chang, Raymond and Goldsby, Kenneth A.},
  title = {Chemistry},
  publisher = {McGraw-Hill Education},
  year = {2016},
  edition = {12th},
  note = {Section on Atomic Structure and Valence Electrons}
}

@book{brown_chemistry_textbook,
  author = {Brown, Theodore L. and LeMay, H. Eugene and Bursten, Bruce E. and Murphy, Catherine J. and Woodward, Patrick M.},
  title = {Chemistry: The Central Science},
  publisher = {Pearson},
  year = {2018},
  edition = {14th},
  note = {Chapter on Electrons in Atoms and Periodic Properties}
}

@book{atkins_physical_chemistry,
  author = {Atkins, Peter and de Paula, Julio},
  title = {Physical Chemistry},
  publisher = {Oxford University Press},
  year = {2014},
  edition = {10th},
  note = {Chapter on Atomic Structure and Noble Gases}
}

@book{zumdahl_chemistry,
  author = {Zumdahl, Steven S. and Zumdahl, Susan A.},
  title = {Chemistry},
  publisher = {Cengage Learning},
  year = {2013},
  edition = {9th},
  note = {Section on Noble Gases and their Properties}
}

@book{silberberg_chemistry,
  author = {Silberberg, Martin S.},
  title = {Chemistry: The Molecular Nature of Matter and Change},
  publisher = {McGraw-Hill Education},
  year = {2017},
  edition = {8th},
  note = {Chapter on Atomic Structure and Periodicity}
}

@book{incropera2007,
  author = {Frank P. Incropera and David P. DeWitt},
  title = {Fundamentals of Heat and Mass Transfer},
  edition = {6th},
  publisher = {Wiley},
  year = {2007},
  note = {Kapitel zur erzwungenen Konvektion und deren Anwendung}
}

@book{bergman2011,
  author = {Theodore L. Bergman and Adrienne S. Lavine and Frank P. Incropera},
  title = {Introduction to Heat Transfer},
  edition = {6th},
  publisher = {Wiley},
  year = {2011},
  note = {Diskussion über erzwungene Konvektion und ihre Mechanismen}
}

@article{kays2005,
  author = {Kays, W. M. and Crawford, M. E.},
  title = {Convective Heat and Mass Transfer},
  journal = {Journal of Heat Transfer},
  volume = {127},
  number = {3},
  pages = {421--429},
  year = {2005},
  note = {Artikel über die Grundlagen der erzwungenen Konvektion und deren technische Anwendungen}
}

@book{bejan2013,
  author = {Bejan, Adrian},
  title = {Convection Heat Transfer},
  edition = {4th},
  publisher = {Wiley},
  year = {2013},
  note = {Enthält Abschnitte zu erzwungener Konvektion und deren Bedeutung in industriellen Prozessen}
}

@book{white2006,
  author = {Frank M. White},
  title = {Viscous Fluid Flow},
  edition = {3rd},
  publisher = {McGraw-Hill Education},
  year = {2006},
  note = {Kapitel über Grenzschichttheorie und die Prandtlsche Grenzschicht}
}

@book{crank1975,
  author = {John Crank},
  title = {The Mathematics of Diffusion},
  edition = {2nd},
  publisher = {Oxford University Press},
  year = {1975},
  note = {Grundlagen der Diffusionstheorie und deren Anwendung in wissenschaftlichen Prozessen}
}

@book{madou2002,
  author = {Marc J. Madou},
  title = {Fundamentals of Microfabrication: The Science of Miniaturization},
  edition = {2nd},
  publisher = {CRC Press},
  year = {2002},
  note = {Grundlagen der Lithographie in der Mikrosystemtechnik}
}

@book{wolf2000,
  author = {Stanley Wolf and Richard N. Tauber},
  title = {Silicon Processing for the VLSI Era, Vol. 1: Process Technology},
  publisher = {Lattice Press},
  year = {2000},
  note = {Abschnitte über Lithographietechniken und deren Anwendungen}
}

@book{rogers2008,
  author = {John A. Rogers and Henry H. Lee},
  title = {Micro- and Nanopatterning Polymers},
  publisher = {ACS Publications},
  year = {2008},
  note = {Erweiterte Methoden der Mikromusterung in der Lithographie}
}

@book{gerald2006,
  author = {Gerald Gerlach and Wolfram D{\"o}tzel},
  title = {Einführung in die Mikrosystemtechnik},
  publisher = {Hanser},
  year = {2006},
  note = {Konzepte der Mikrosystemtechnik}
}

@misc{hoegel2024,
  author = {Bianca Hoegel},
  title = {Zykloide},
  year = {2024},
  howpublished = {\url{https://www.biancahoegel.de/geometrie/algebra/zykloide.html}},
  note = {Accessed: 2024-10-31}
}

@misc{sciencedirect_photoresist,
  title = {Photoresist},
  year = {2024},
  howpublished = {\url{https://www.sciencedirect.com/topics/engineering/photoresist}},
  note = {Accessed: 2024-10-31}
}

@misc{wias_photoresist,
  author = {{Weierstrass Institute}},
  title = {Photoresists and Lithography},
  year = {2024},
  howpublished = {\url{https://www.wias-berlin.de/research/ats/Photoresists/index.jsp?lang=1}},
  note = {Accessed: 2024-10-31}
}

@misc{schmid2024,
  author = {Ulrich Schmid},
  title = {Sensorik und Sensorsysteme, 2. Lithographie},
  year = {2024},
  month = {March},
  howpublished = {Lecture Slides, Technische Universität Wien, Institut für Sensor- und Aktuatorsysteme},
  note = {Folien zur Vorlesung}
}

@misc{schmid2024CVD,
  author = {Ulrich Schmid},
  title = {Sensorik und Sensorsysteme: Chemical Vapour Deposition},
  year = {2024},
  howpublished = {Lecture Slides, Technische Universität Wien, Institut für Sensor- und Aktuatorsysteme},
  note = {Folien zur Vorlesung}
}

@manual{vem_guide,
  title = {Thin Film Evaporation Guide},
  organization = {VEM},
  year = {2023},
  url = {https://www.vem-co.com},
  note = {Accessed: 2024-10-31}
}

@misc{wikipedia_aspektverhaeltnis,
  author = {{Wikipedia contributors}},
  title = {Aspektverhältnis (Strukturierung)},
  year = {2024},
  howpublished = {\url{https://de.wikipedia.org/wiki/Aspektverh\%C3\%A4ltnis\_(Strukturierung)}},
  note = {Accessed: 2024-10-31}
}

@article{carbonMEMS,
  author = {Randolph, S. and Fowlkes, J. and Rack, P.},
  title = {Carbon MEMS: from the nanoscale to the macroscale. Novel fabrication techniques and applications in electrochemistry},
  journal = {ResearchGate},
  year = {2012},
  url = {https://www.researchgate.net/publication/234373753_Carbon_MEMS_from_the_nanoscale_to_the_macroscale_Novel_fabrication_techniques_and_applications_in_electrochemistry/figures?lo=1},
  note = {Accessed: 2024-10-31}
}

@article{swatchuk2008,
  author = {Swatchuk, M.},
  title = {Water Quality Standards},
  journal = {Journal of Water and Health},
  year = {2008},
  volume = {6},
  number = {3},
  pages = {207-215}
}

@book{weast2004,
  author = {Weast, R. C.},
  editor = {Weast, R. C. and Astle, M. J.},
  title = {Handbook of Chemistry and Physics},
  edition = {85th},
  publisher = {CRC Press},
  address = {Boca Raton, FL, USA},
  year = {2004},
  isbn = {9780849304859},
  note = {Contains comprehensive data on chemical and physical properties, widely used in scientific research and industrial applications}
}

@book{handbook2007,
  title = {Handbook of Industrial Water Treatment},
  editor = {Nalco Chemical Company},
  year = {2007},
  chapter = {Water Purification Techniques},
  publisher = {McGraw-Hill},
  address = {New York, NY, USA},
  note = {Detailed guide on water treatment processes and technologies, authored by experts from the Nalco Chemical Company},
  isbn = {9780071548847}
}

@book{peeters1994,
  author = {Peeters, R.},
  title = {Advanced Photolithography Techniques},
  edition = {1st},
  publisher = {Springer-Verlag},
  address = {Berlin, Germany},
  year = {1994},
  isbn = {9783540572382},
  note = {Covers innovations in photolithography processes, including light sources, resists, and development techniques for microfabrication}
}